<?xml version="1.0" encoding="utf-8"?>
<record xmlns="http://www.loc.gov/MARC21/slim" xmlns:xsi="http://www.w3.org/2001/XMLSchema-instance" xsi:schemaLocation="http://www.loc.gov/MARC21/slim http://www.loc.gov/standards/marcxml/schema/MARC21slim.xsd">
	<leader>     nam a22        4500</leader>
	<controlfield tag="001">3068231</controlfield>
	<controlfield tag="003">NNC</controlfield>
	<controlfield tag="006">m        d        </controlfield>
	<controlfield tag="007">cr cn |||m|||a</controlfield>
	<controlfield tag="008">160323s1865    ua      o     000 0aara d</controlfield>
	<datafield ind1=" " ind2=" " tag="040">
		<subfield code="a">NNU</subfield>
		<subfield code="b">eng</subfield>
		<subfield code="e">rda</subfield>
		<subfield code="c">NNU</subfield>
	</datafield>
	<datafield ind1="0" ind2=" " tag="130">
		<subfield code="6">880-01</subfield>
		<subfield code="a">Fatāwá al-ʻĀlamgīrīyah.</subfield>
	</datafield>
	<datafield ind1="1" ind2="3" tag="245">
		<subfield code="6">880-02</subfield>
		<subfield code="a">al-Fatāwī al-ʻĀlamgīrīyah,</subfield>
		<subfield code="b">al-maʻrūfah bayna al-nās bi al-Fatāwī al-Hindīyah, fī madhhab al-Imām ... Abī Ḥanīfah al-Nuʻmān ...  /</subfield>
		<subfield code="c">taʼlīf jamāʻah min ʻulamāʼ al-Hind ... wakāna raʼīsuhum fī taʼlīfihā ... Mawlānā al-Shaykh Niẓām, wadhālika biʼamr al-Sulṭān Abī al-Muẓaffar Muḥyi-al-Dīn Muḥammad Awrangzeb Bahādur ʻĀlamgīr.</subfield>
	</datafield>
	<datafield ind1=" " ind2=" " tag="260">
		<subfield code="6">880-03</subfield>
		<subfield code="a">[al-Qāhirah],</subfield>
		<subfield code="c">[1282, 1865]</subfield>
	</datafield>
	<datafield ind1=" " ind2=" " tag="300">
		<subfield code="a">online resource (6 volumes)</subfield>
	</datafield>
	<datafield ind1=" " ind2=" " tag="336">
		<subfield code="a">text</subfield>
		<subfield code="2">rdacontent</subfield>
	</datafield>
	<datafield ind1=" " ind2=" " tag="337">
		<subfield code="a">computer</subfield>
		<subfield code="2">rdamedia</subfield>
	</datafield>
	<datafield ind1=" " ind2=" " tag="338">
		<subfield code="a">online resource</subfield>
		<subfield code="2">rdacarrier</subfield>
	</datafield>
	<datafield ind1=" " ind2=" " tag="500">
		<subfield code="a">Part of the Arabic Collections Online (ACO) project, contributed by Columbia University Libraries.</subfield>
	</datafield>
	<datafield ind1=" " ind2=" " tag="533">
		<subfield code="a">Electronic reproduction.</subfield>
		<subfield code="b">New York, N.Y. :</subfield>
		<subfield code="c">New York University,</subfield>
		<subfield code="d">2016.</subfield>
		<subfield code="5">NNU</subfield>
	</datafield>
	<datafield ind1=" " ind2="0" tag="650">
		<subfield code="a">Fatwas.</subfield>
	</datafield>
	<datafield ind1="2" ind2=" " tag="710">
		<subfield code="a">Columbia University.</subfield>
		<subfield code="b">Libraries.</subfield>
	</datafield>
	<datafield ind1="0" ind2=" " tag="730">
		<subfield code="a">Arabic Collections Online.</subfield>
	</datafield>
	<datafield ind1="0" ind2="8" tag="776">
		<subfield code="i">Online version:</subfield>
		<subfield code="a">Fatāwá al-ʻĀlamgīrīyah.</subfield>
		<subfield code="t">Fatāwī al-ʻĀlamgīrīyah.</subfield>
		<subfield code="d">[al-Qāhirah, 1282, 1865]</subfield>
		<subfield code="w">(OCoLC)654169335</subfield>
	</datafield>
	<datafield ind1="0" ind2="8" tag="776">
		<subfield code="i">Print version:</subfield>
		<subfield code="t">al-Fatāwī al-ʻĀlamgīrīyah</subfield>
		<subfield code="w">(NNC)3068231</subfield>
		<subfield code="w">(OCoLC)47806262</subfield>
	</datafield>
	<datafield ind1="4" ind2="0" tag="856">
		<subfield code="u">http://hdl.handle.net/2333.1/prr4xm9k</subfield>
	</datafield>
	<datafield ind1="0" ind2=" " tag="880">
		<subfield code="6">130-01/r</subfield>
		<subfield code="a">فتاوى العالمكيرية.</subfield>
	</datafield>
	<datafield ind1="1" ind2="2" tag="880">
		<subfield code="6">245-02/r</subfield>
		<subfield code="a">الفتاوي العالمكيرية،</subfield>
		<subfield code="b">المعروفة بين الناس بالفتاوي الهندية، في مذهب الامام ... ابي حنيفة النعمان ...  /</subfield>
		<subfield code="c">تأليف جماعة من علماء الهند ... وكان رئيسهم في تأليفها ... مولانا الشيخ نظام، وذلك بئمر السلطان ابي المظفر محي الدين محمد اورنك زيب بهادر عالم كير.</subfield>
	</datafield>
	<datafield ind1=" " ind2=" " tag="880">
		<subfield code="6">260-03/r</subfield>
		<subfield code="a">[القاهرة]،</subfield>
		<subfield code="c">[1282، 1865]</subfield>
	</datafield>
	<datafield ind1=" " ind2=" " tag="959">
		<subfield code="a">NNU</subfield>
		<subfield code="b">WEB</subfield>
		<subfield code="c">GENI</subfield>
		<subfield code="t">0</subfield>
		<subfield code="m">Electronic access</subfield>
		<subfield code="s">01</subfield>
	</datafield>
	<datafield ind1=" " ind2=" " tag="999">
		<subfield code="i">NNC_3068231</subfield>
		<subfield code="o">(OCoLC)ocm47806262</subfield>
		<subfield code="s">columbia_aco001720:v.1</subfield>
		<subfield code="s">columbia_aco001721:v.2</subfield>
		<subfield code="s">columbia_aco001722:v.3</subfield>
		<subfield code="s">columbia_aco001723:v.4</subfield>
		<subfield code="s">columbia_aco001724:v.5</subfield>
		<subfield code="s">columbia_aco001725:v.6</subfield>
		<subfield code="e">(ERROR-880)</subfield>
		<subfield code="s">columbia_aco001720:v.1</subfield>
		<subfield code="s">columbia_aco001721:v.2</subfield>
		<subfield code="s">columbia_aco001722:v.3</subfield>
		<subfield code="s">columbia_aco001723:v.4</subfield>
		<subfield code="s">columbia_aco001724:v.5</subfield>
		<subfield code="s">columbia_aco001725:v.6</subfield>
	</datafield>
</record>
